@ARTICLE{Gervasi22:Dispensa,
author = {Massimo Gervasi},
title = {Sorgenti Astronomiche},
year = {2022}
}

@ARTICLE{Cohen:libro,
author = {Claude Cohen-Tannoudji, Bernard Diu, Franck LaloÃ«},
title = {Quantum Mechanics, Volume 1: Basic Concepts, Tools, and Applications},
year = {2020}
}

@ARTICLE{Mhaske:articolo,
author = {Mhaske, Ashish A.},
title = {A Bose Horn Antenna Radio Telescope (BHARAT) design for 21 cm hydrogen line experiments for radio astronomy teaching},
year = {2022}
}

@ARTICLE{Canali:canali,
author = {Massimo Gervasi},
title = {Ricevitori e canali in frequenza},
year = {2022}
}




